@misc{boesch,
    author = "Gaudenz Boesch",
    title = "PyTorch vs Tensorflow: A Head-to-Head Comparison",
    journal = "Viso.Ai",
    year = "4 Dec 2023",
    howpublished = "\url{viso.ai/deep-learning/pytorch-vs-tensorflow/}",
    addendum = "Accessed 28 Oct 2024"
}

@misc{oconnor,
    author = "Ryan O'Connor",
    title = "PyTorch vs TensorFlow in 2023",
    journal = "AssemblyAI",
    year = "14 Dec 2021",
    howpublished = "\url{assemblyai.com/blog/pytorch-vs-tensorflow-in-2023/}",
    addendum = " Accessed 28 Oct 2024"
}

@misc{convtensor,
    title = "{tf.Keras.layers.Conv2D | Tensorflow v2.16.1}",
    howpublished    = "\url{https://www.tensorflow.org/api_docs/python/tf/keras/layers/Conv2D}",
    note = "Accessed: 2024-12-09"
},
@misc{convtorch,
    title = "{Conv2d -- PyTorch 2.5 documentation}",
    howpublished    = "\url{https://pytorch.org/docs/stable/generated/torch.nn.Conv2d.html#torch.nn.Conv2d}",
    note = "Accessed: 2024-12-09"
},
@misc{perfetto,
    title = "{Perfetto UI}",
    howpublished = "\url{https://ui.perfetto.dev/}",
    note = "Accessed: 2024-12-09"
},
@misc{tfmetal,
    title = "{TensorFlow Plugin - Metal - Apple Developer}",
    howpublished    = "\url{https://developer.apple.com/metal/tensorflow-plugin/}",
    note = "Accessed: 2024-12-11"
},
@misc{ptmetal,
    title = "{TensorFlow Plugin - Metal - Apple Developer}",
    howpublished = "\url{https://developer.apple.com/metal/pytorch/}",
    note = "Accessed: 2024-12-11"
},
@misc{ptrocm,
    title = "{Installing PyTorch for ROCm}",
    howpublished = "\url{https://rocm.docs.amd.com/projects/install-on-linux/en/develop/install/3rd-party/pytorch-install.html}",
    note = "Accessed: 2024-12-11"
},
@misc{executorch,
    title = "{ExecuTorch Runtime Overview}",
    howpublished = "\url{https://pytorch.org/executorch/stable/runtime-overview.html}",
    note = "Accessed: 2024-12-11"
},
@misc{tflite,
    title = "{On-device training in TensorFlow Lite}",
    howpublished = "\url{https://blog.tensorflow.org/2021/11/on-device-training-in-tensorflow-lite.html}",
    note = "Accessed: 2024-12-11"
},
@misc{pixel,
    title = "{What is the Google Pixel 4's Neural Core?}",
    howpublished = "\url{https://www.androidauthority.com/google-pixel-4-neural-core-1045318/}",
    note = "Accessed: 2024-12-11"
}

